% ########################################################################################
% Bib File
% ########################################################################################

@book{FineProp2015,
	Author = {Lawrence Craig Evans},
 	title = {Measure Theory and Fine Properties of Functions, Revised Edition (Textbooks in Mathematics)},
 	description = {Measure Theory and Fine Properties of Functions, Revised Edition (Textbooks in Mathematics) (Book, 2015)},
 	publisher = {Chapman and Hall/CRC},
 	year = {2015},
 	month = {4},
 	isbn = {9781482242386},
 	url = {https://www.xarg.org/ref/a/1482242389/}
}