% ########################################################################################
% Bib File
@book{FineProp2015,
	Author = {Lawrence Craig Evans},
 	title = {Measure Theory and Fine Properties of Functions, Revised Edition (Textbooks in Mathematics)},
 	description = {Measure Theory and Fine Properties of Functions, Revised Edition (Textbooks in Mathematics) (Book, 2015)},
 	publisher = {Chapman and Hall/CRC},
 	year = {2015},
 	month = {4},
 	isbn = {9781482242386},
 	url = {https://www.xarg.org/ref/a/1482242389/}
}

@book{Tschichold75,
	doi = {10.1007/978-3-0348-7799-2},
	url = {https://doi.org/10.1007/978-3-0348-7799-2},
	year = {1975},
	publisher = {Birkh\"{a}user Basel},
	author = {Jan Tschichold},
	title = {Ausgew\"{a}hlte Aufs\"{a}tze \"{u}ber Fragen der Gestalt des Buches und der Typographie}
}

@book{Willberg99,
	year = {1999},
	publisher = {Schmidt Mainz},
	author = {Willberg, Hans Peter and Forssman, Friedrich},
	title = {Erste Hilfe in Typografie}
}

@article{koma20,
	year = {2020},
	author = {Kohm, Markus},
	title = {koma-script},
	url = {https://www.ctan.org/pkg/koma-script}
}

@online{FAUreg,
	title = {Examination regulations of FAU},
	url = 
	{https://www.fau.de/fau/rechtsgrundlagen/pruefungsordnungen/naturwissenschaftliche-fakultaet},
	urldate = {2020-05-02}
}
